


@misc{A1,
 author = {Altenberger, Felix and Lenz, Claus},
 title = {A Non-Technical Survey on Deep Convolutional Neural Network Architectures},
 note = {},
 year = 2018
}
@misc{A2,
 author = {Simonyan, Karen and Zisserman, Andrew},
 title = {Very Deep Convolutional Networks for Large-Scale Image Recognition},
 note = {Conference paper from ICLR 2015},
 year = 2015
}
@misc{A3,
 author = {Google},
 title = {https://github.com/google/inception},
 note = {Accessed March, 2018},
 year = 2018
}



@misc{A4,
 author = {He, Kaiming and Zhang, Xiangyu and Ren, Shaoqing and Sun, Jian},
 title = {Deep Residual Learning for Image Recognition},
 note = {},
 year = 2015
}
@misc{A5,
 author = {Mure\c{s}an, Horea and Oltean, Mihai},
 title = {Fruit Recognition From Images Using Deep Learning},
 note = {},
 year = 2018
}
@misc{A6,
 author = {Chollet, Fran\c{c}ois},
 title = {Xception: Deep Learning with Depthwise Separable Convolutions},
 note = {},
 year = 2017
}
@article{Alpher02,
author = {A. Alpher},
title = {Frobnication},
journal = {Journal of Foo},
volume = 12, 
number = 1, 
pages = {234--778}, 
year = 2002
}

@article{Alpher03,
author = {A. Alpher and  J.~P.~N. Fotheringham-Smythe},
title = {Frobnication revisited},
journal = {Journal of Foo},
volume = 13, 
number = 1, 
pages = {234--778}, 
year = 2003
}

@article{Alpher04,
author = {A. Alpher and J.~P.~N. Fotheringham-Smythe and G. Gamow},
title = {Can a machine frobnicate?},
journal = {Journal of Foo},
volume = 14, 
number = 1, 
pages = {234--778}, 
year = 2004
}
